@online{downloadSpeed2018,
    author = "Petroc Taylor",
    title = "Average internet download speed in Canada as of March 2018, by province",
    url  = "https://www.statista.com/statistics/544943/average-data-download-speed-canada-province/",
    addendum = "(accessed: Oct.04.2023)",
}

@online{uploadSpeed2021,
    author = "Petroc Taylor",
    title = "Average mobile internet download and upload speeds in selected cities in Canada between 3rd and 4th quarter 2021",
    url  = "https://www.statista.com/statistics/862704/canada-average-mobile-download-and-upload-speeds-by-city/",
    addendum = "(accessed: Oct.04.2023)",
}

@online{OSMarketShare,
    author = "statcounter",
    title = "Desktop Operating System Market Share Canada Sept 2022 - Sept 2023",
    url  = "https://gs.statcounter.com/os-market-share/desktop/canada",
    addendum = "(accessed: Oct.04.2023)",
}

@online{Law1,
    author = "L. S. Branch",
    title = "Consolidated federal laws of Canada, Personal Information Protection and Electronic Documents Act,” laws-lois.justice.gc.ca, Jun. 21, 2019.",
    url  = "https://laws-lois.justice.gc.ca/ENG/ACTS/P-8.6/page-1.html#h-416888",
    addendum = "(accessed: Oct.04.2023)",
}

@online{Law2,
    author = "Government of Canada",
    title = "Canada’s anti-spam legislation - Home,” ised-isde.canada.ca, Mar. 19, 2021.",
    url  = "https://ised-isde.canada.ca/site/canada-anti-spam-legislation/en",
    addendum = "(accessed: Oct.04.2023)",
}

@online{Law3,
    author = "Government of Canada",
    title = "Criminal Code, Justice.gc.ca, 2019.",
    url  = "https://laws-lois.justice.gc.ca/eng/acts/C-46/",
    addendum = "(accessed: Oct.04.2023)",
}

@online{olderAdultsTechUse,
    author = "Government of Canada",
    title = "Criminal Code, Justice.gc.ca, 2019.",
    url  = "https://laws-lois.justice.gc.ca/eng/acts/C-46/",
    addendum = "(accessed: Oct.04.2023)",
}